%
% trabalho-normatizado.bib
%
% Workshop de LaTeX
%
% Demonstra:
% - Como escrever databases de bibliografia para o LaTeX
%

% The big book on SLA. It has a little (or rather a lot) on everything.
@book{ellis12,
  title={The study of second language acquisition},
  publisher={Oxford},
  address={Oxford},
  edition=2,
  author={Rod Ellis},
  year=2012
}

% A study that tries to relate several kinds of error treatment and repair.
% It's very close to what I want to research.
@article{lyster98,
  author={Roy Lyster},
  title={Negotiation of Form, Recasts, and Explicit Correction in Relation to
         Error Types and Learner Repair in Immersion Classrooms},
  journal={Language Learning},
  volume=48,
  number=2,
  publisher={Blackwell},
  issn={1467-9922},
  url={http://dx.doi.org/10.1111/1467-9922.00039},
  urlaccessdate={9 set. 2015},
  doi={10.1111/1467-9922.00039},
  pages={183--218},
  year=1998
}

@incollection{silveira-peixoto09,
  author={Denise Tolfo Silveira and Fernanda Peixoto C{\'o}rdova},
  title={A pesquisa científica},
  booktitle={Métodos de pesquisa},
  editor={Tatiana Engel Gerhardt and Denise Tolfo Silveira},
  editortype={Org.},
  address={Porto Alegre},
  publisher={UFGRS},
  year=2009
}
@inproceedings{butterfield14,
  author={Jeffrie Butterfield},
  title={Other-Initiated Other-Repair in Second Language Conversations},
  booktitle={The 2014 PanSIG Proceedings},
  editor={G. Brooks and  M. Grogan and M. Porter},
  conference-number=13,
  conference-year=2014,
  conference-location={Miyazaki},
  organization={PanSIG},
  publisher={JALT},
  address={Miyazaki},
  pages={16--22},
  year=2015
}
